<?xml version="1.0" encoding="UTF-8"?>
  <record xmlns="http://www.loc.gov/MARC21/slim" type="Authority">
    <leader>00000nz  a2200000oc 4500</leader>
    <controlfield tag="001">129225061</controlfield>
    <controlfield tag="003">DE-101</controlfield>
    <controlfield tag="005">20200507165301.0</controlfield>
    <controlfield tag="008">040719n||aznnnaabn           | aaa    |c</controlfield>
    <datafield tag="024" ind1="7" ind2=" ">
      <subfield code="a">129225061</subfield>
      <subfield code="0">http://d-nb.info/gnd/129225061</subfield>
      <subfield code="2">gnd</subfield>
    </datafield>
    <datafield tag="035" ind1=" " ind2=" ">
      <subfield code="a">(DE-101)129225061</subfield>
    </datafield>
    <datafield tag="035" ind1=" " ind2=" ">
      <subfield code="a">(DE-588)129225061</subfield>
    </datafield>
    <datafield tag="035" ind1=" " ind2=" ">
      <subfield code="z">(DE-588a)129225061</subfield>
      <subfield code="9">v:zg</subfield>
    </datafield>
    <datafield tag="040" ind1=" " ind2=" ">
      <subfield code="a">DE-547</subfield>
      <subfield code="c">DE-547</subfield>
      <subfield code="9">r:DE-601</subfield>
      <subfield code="b">ger</subfield>
      <subfield code="d">0547</subfield>
    </datafield>
    <datafield tag="042" ind1=" " ind2=" ">
      <subfield code="a">gnd3</subfield>
    </datafield>
    <datafield tag="043" ind1=" " ind2=" ">
      <subfield code="c">XA-DE</subfield>
    </datafield>
    <datafield tag="075" ind1=" " ind2=" ">
      <subfield code="b">p</subfield>
      <subfield code="2">gndgen</subfield>
    </datafield>
    <datafield tag="075" ind1=" " ind2=" ">
      <subfield code="b">piz</subfield>
      <subfield code="2">gndspec</subfield>
    </datafield>
    <datafield tag="079" ind1=" " ind2=" ">
      <subfield code="a">g</subfield>
      <subfield code="q">a</subfield>
      <subfield code="q">f</subfield>
    </datafield>
    <datafield tag="100" ind1="0" ind2=" ">
      <subfield code="a">Albrecht</subfield>
      <subfield code="c">Württemberg-Neuenstadt, Herzog</subfield>
      <subfield code="d">1657-1670</subfield>
    </datafield>
    <datafield tag="400" ind1="0" ind2=" ">
      <subfield code="a">Albert</subfield>
      <subfield code="c">Württemberg-Neuenstadt, Herzog</subfield>
      <subfield code="d">1657-1670</subfield>
    </datafield>
    <datafield tag="400" ind1="0" ind2=" ">
      <subfield code="a">Albrecht</subfield>
      <subfield code="c">Württemberg-Neuenstadt, Prinz</subfield>
      <subfield code="d">1657-1670</subfield>
    </datafield>
    <datafield tag="400" ind1="0" ind2=" ">
      <subfield code="a">Albert</subfield>
      <subfield code="c">Württemberg-Neuenstadt, Prinz</subfield>
      <subfield code="d">1657-1670</subfield>
    </datafield>
    <datafield tag="400" ind1="0" ind2=" ">
      <subfield code="a">Friedrich Albert</subfield>
      <subfield code="c">Württemberg-Neuenstadt, Herzog</subfield>
      <subfield code="d">1657-1670</subfield>
    </datafield>
    <datafield tag="400" ind1="0" ind2=" ">
      <subfield code="a">Friedrich Albrecht</subfield>
      <subfield code="c">Württemberg-Neuenstadt, Herzog</subfield>
      <subfield code="d">1657-1670</subfield>
    </datafield>
    <datafield tag="400" ind1="0" ind2=" ">
      <subfield code="a">Friedrich Albert</subfield>
      <subfield code="c">Württemberg-Neuenstadt, Prinz</subfield>
      <subfield code="d">1657-1670</subfield>
    </datafield>
    <datafield tag="400" ind1="0" ind2=" ">
      <subfield code="a">Friedrich Albrecht</subfield>
      <subfield code="c">Württemberg-Neuenstadt, Prinz</subfield>
      <subfield code="d">1657-1670</subfield>
    </datafield>
    <datafield tag="400" ind1="0" ind2=" ">
      <subfield code="a">Albrecht</subfield>
      <subfield code="c">Württemberg-Neustadt, Herzog</subfield>
      <subfield code="d">1657-1670</subfield>
    </datafield>
    <datafield tag="400" ind1="0" ind2=" ">
      <subfield code="a">Friedrich Albert</subfield>
      <subfield code="c">Württemberg, Herzog</subfield>
      <subfield code="d">1657-1670</subfield>
    </datafield>
    <datafield tag="400" ind1="0" ind2=" ">
      <subfield code="a">Friedrich Albrecht</subfield>
      <subfield code="c">Württemberg, Herzog</subfield>
      <subfield code="d">1657-1670</subfield>
    </datafield>
    <datafield tag="400" ind1="0" ind2=" ">
      <subfield code="a">Fridericus Albertus</subfield>
      <subfield code="c">Würtembergia, Dux</subfield>
      <subfield code="d">1657-1670</subfield>
    </datafield>
    <datafield tag="400" ind1="0" ind2=" ">
      <subfield code="a">Fridericus Albertus</subfield>
      <subfield code="c">Würtembergia-Teccia, Dux</subfield>
      <subfield code="d">1657-1670</subfield>
    </datafield>
    <datafield tag="500" ind1="0" ind2=" ">
      <subfield code="0">(DE-101)118018116</subfield>
      <subfield code="0">(DE-588)118018116</subfield>
      <subfield code="0">https://d-nb.info/gnd/118018116</subfield>
      <subfield code="a">Friedrich</subfield>
      <subfield code="c">Württemberg-Neuenstadt, Herzog</subfield>
      <subfield code="d">1615-1682</subfield>
      <subfield code="4">bezf</subfield>
      <subfield code="4">https://d-nb.info/standards/elementset/gnd#familialRelationship</subfield>
      <subfield code="w">r</subfield>
      <subfield code="i">Beziehung familiaer</subfield>
      <subfield code="e">Beziehung familiaer</subfield>
      <subfield code="9">v:Vater</subfield>
    </datafield>
    <datafield tag="500" ind1="0" ind2=" ">
      <subfield code="0">(DE-101)120040115</subfield>
      <subfield code="0">(DE-588)120040115</subfield>
      <subfield code="0">https://d-nb.info/gnd/120040115</subfield>
      <subfield code="a">Clara Augusta</subfield>
      <subfield code="c">Württemberg-Neuenstadt, Herzogin</subfield>
      <subfield code="d">1632-1700</subfield>
      <subfield code="4">bezf</subfield>
      <subfield code="4">https://d-nb.info/standards/elementset/gnd#familialRelationship</subfield>
      <subfield code="w">r</subfield>
      <subfield code="i">Beziehung familiaer</subfield>
      <subfield code="e">Beziehung familiaer</subfield>
      <subfield code="9">v:Mutter</subfield>
    </datafield>
    <datafield tag="548" ind1=" " ind2=" ">
      <subfield code="a">1657-1670</subfield>
      <subfield code="4">datl</subfield>
      <subfield code="4">https://d-nb.info/standards/elementset/gnd#dateOfBirthAndDeath</subfield>
      <subfield code="w">r</subfield>
      <subfield code="i">Lebensdaten</subfield>
    </datafield>
    <datafield tag="551" ind1=" " ind2=" ">
      <subfield code="0">(DE-101)042409764</subfield>
      <subfield code="0">(DE-588)4240976-7</subfield>
      <subfield code="0">https://d-nb.info/gnd/4240976-7</subfield>
      <subfield code="a">Neuenstadt am Kocher</subfield>
      <subfield code="4">ortw</subfield>
      <subfield code="4">https://d-nb.info/standards/elementset/gnd#placeOfActivity</subfield>
      <subfield code="w">r</subfield>
      <subfield code="i">Wirkungsort</subfield>
    </datafield>
    <datafield tag="667" ind1=" " ind2=" ">
      <subfield code="a">VD-17</subfield>
    </datafield>
    <datafield tag="670" ind1=" " ind2=" ">
      <subfield code="a">Das Haus Württemberg</subfield>
    </datafield>
    <datafield tag="670" ind1=" " ind2=" ">
      <subfield code="a">Wikipedia</subfield>
      <subfield code="u">https://de.wikipedia.org/wiki/Friedrich_(W%C3%BCrttemberg-Neuenstadt)#Familie</subfield>
    </datafield>
    <datafield tag="678" ind1=" " ind2=" ">
      <subfield code="b">Sohn des Herzogs Friedrich von Württemberg-Neuenstadt</subfield>
    </datafield>
    <datafield tag="913" ind1=" " ind2=" ">
      <subfield code="S">pnd</subfield>
      <subfield code="i">5</subfield>
      <subfield code="a">Albrecht &lt;Württemberg-Neuenstadt, Herzog&gt;</subfield>
      <subfield code="0">(DE-588a)129225061</subfield>
    </datafield>
  </record>
